@online{realtime:speech:recog,
  title    = {Building A Real Time Speech Recognition System},
  author   = {Roman Pacaj},
  year     = {2023},
  url      = {https://www.linkedin.com/pulse/building-real-time-speech-recognition-system-roman-pacaj/},
  addendum = {(Besucht am  29.02.2024)},
  keywords = {Building A Real Time Speech Recognition System}
}

@online{networkX:Docs,
  title    = {NetworkX Dokumentation},
  author   = {NetworkX Community},
  year     = {2024},
  url      = {https://networkx.org/documentation/stable/index.html},
  addendum = {(Besucht am  26.10.2024)},
  keywords = {NetworkX Building a Graph in Python}
}
@online{pythonTimer,
  title    = {time — Time access and conversions},
  author   = {Python Community},
  year     = {2024},
  url      = {https://docs.python.org/3/library/time.html#time.time},
  addendum = {(Besucht am  02.11.2024)},
  keywords = {Python Timer}
}


@article{wer,
  title    = {Testing the correlation of word error rate and perplexity},
  author   = {Dietrich Klakow},
  year     = {2002},
  url      = {https://www.sciencedirect.com/science/article/abs/pii/S0167639301000413?via%3Dihub
              },
  addendum = {(Besucht am  01.03.2024)},
  keywords = {WER}
}

@book{cite:frauenquote,
  author    = {Catherine Hill, Christianne Corbett, Andresse St. Rose},
  title     = {Why so few? Women in Science, Technology, Engineering,
               and Mathematics},
  publisher = {AAUW},
  year      = {2010}
}

@incollection{Zhou2013,
  author    = {Zhou, T.},
  title     = {Signal-to-Noise Ratio},
  booktitle = {Encyclopedia of Systems Biology},
  editor    = {Dubitzky, W. and Wolkenhauer, O. and Cho, K.H. and Yokota, H.},
  publisher = {Springer, New York, NY},
  year      = {2013},
  url       = {https://doi.org/10.1007/978-1-4419-9863-7_514},
  keywords  = {Signal-to-Noise Ratio},
  addendum  = {(Accessed on 12.08.2024)}
}

@article{OpenIEbased,
  title   = {OpenIE-based approach for Knowledge Graph construction from text},
  author  = {José-Lázaro Martínez-Rodríguez and I. Lopez-Arevalo and Ana B. Ríos-Alvarado},
  journal = {Expert Syst. Appl.},
  year    = {2018},
  volume  = {113},
  pages   = {339-355},
  doi     = {10.1016/J.ESWA.2018.07.017}
}

@article{Dietz2017Utilizing,
  title   = {Utilizing Knowledge Graphs in Text-centric Information Retrieval},
  author  = {Laura Dietz and Alexander Kotov and E. Meij},
  journal = {Proceedings of the Tenth ACM International Conference on Web Search and Data Mining},
  year    = {2017},
  doi     = {10.1145/3018661.3022756}
}

@article{Hojas-Mazo2018A,
  title  = {A Concept-Based Text Analysis Approach Using Knowledge Graph},
  author = {Wenny Hojas-Mazo and Alfredo Simón-Cuevas and Manuel de la Iglesia Campos and F. P. Romero and J. A. Olivas},
  year   = {2018},
  pages  = {696-708},
  doi    = {10.1007/978-3-319-91476-3_57}
}

@article{Wang2018Information,
  title  = {Information Retrieval Technology Based on Knowledge Graph},
  author = {Ce Wang and Hongzhi Yu and F. Wan},
  year   = {2018},
  pages  = {291-296},
  doi    = {10.2991/ICAMMCE-18.2018.65}
}

@article{Wang2020Richpedia:,
  title   = {Richpedia: A Large-Scale, Comprehensive Multi-Modal Knowledge Graph},
  author  = {Meng Wang and Haofen Wang and G. Qi and Qiushuo Zheng},
  journal = {Big Data Res.},
  year    = {2020},
  volume  = {22},
  pages   = {100159},
  doi     = {10.1016/j.bdr.2020.100159}
}

@article{Adelkhah2019The,
  title   = {The Ontology of Natural Language Processing},
  author  = {Razieh Adelkhah and M. Shamsfard and Niloofar Naderian},
  journal = {2019 5th International Conference on Web Research (ICWR)},
  year    = {2019},
  pages   = {128-133},
  doi     = {10.1109/ICWR.2019.8765269}
}

@article{Naderian2018Ontology,
  title  = {Ontology Creation and Population for Natural Language Processing Domain},
  author = {Niloofar Naderian and M. Shamsfard and Razieh Adelkhah},
  year   = {2018},
  volume = {1},
  pages  = {56-65},
  doi    = {10.22133/IJWR.2018.91476}
}